<?xml version="1.0" encoding="UTF-8"?><collection xmlns="http://www.loc.gov/MARC21/slim"><record><leader>00428nam--2200133-i-4500</leader><controlfield tag="001">000001809</controlfield><controlfield tag="002">20161230</controlfield><controlfield tag="005">20161230201024</controlfield><controlfield tag="008">060222s1000------------r-----000-0-eng-d</controlfield><datafield ind1=" " ind2=" " tag="080"><subfield code="a">547</subfield></datafield><datafield ind1=" " ind2=" " tag="100"><subfield code="a">Frangopol, Petre T</subfield></datafield><datafield ind1=" " ind2=" " tag="245"><subfield code="a">Radicali liberi stabili din clasa diarilazotului.autoreferatul tezei de doctorat pentru obtinerea titlului de doctor inginer</subfield></datafield><datafield ind1=" " ind2=" " tag="260"><subfield code="a">Timisoara, Institutul Politehnic, 1967. 33 P</subfield></datafield><datafield ind1=" " ind2=" " tag="852"><subfield code="a">27952</subfield></datafield></record></collection>